% book
% Required fields: author or editor, title, publisher, year. 
% Optional fields: volume or number, series, address, edition, month, note.
@book{coulouris,
  author = {Coulouris  G.  F.,  Dollimore J. e  Kindberg T},
  title = {Distributed Systems: concepts and Design},
  publisher = {Addison-Wesley},
  year = {1994},
  edition = "second edition"

}

% article
% Required fields: author, title, journal, year. 
% Optional fields: volume, number, pages, month, note.
@article{donoho,
  author = {Donoho D. L.},
  title = {Compressed Sensing},
  journal = {IEEE Trans. Inf. Theory},
  volume = {52},
  number = {4},
  pages = {1289-1306},
  year = {2006}
}

% conference
% same as inproceedings
% Required fields: author, title, booktitle, year. 
% Optional fields: editor, volume or number, series, pages, address, month, organization, publisher, note
@conference{dalal,
  author = {Dalal N., Triggs B.},
  title = {Histograms of Oriented Gradients for Human Detection},
  booktitle = {Computer Vision and Pattern Recognition (CVPR)},
  address = {San Diego, USA},
  year = {2005},
  month = {20-26 June},
  pages = {886-893}
}

% website
% as misc
% Required fields: none. 
% Optional fields: author, title, howpublished, month, year, note.
@misc{ictbusiness,
  title = {ICT business},
  howpublished = {http://www.ictbusiness.it/},
  note = {ultimo accesso 15/06/2015}
}

% vere

@article{zinck2008classifying,
  title={Classifying emotion: a developmental account},
  author={Zinck, Alexandra and Newen, Albert},
  journal={Synthese},
  volume={161},
  number={1},
  pages={1--25},
  year={2008},
  publisher={Springer}
}

@article{mohammad2013nrc,
  title={Nrc emotion lexicon},
  author={Mohammad, Saif M and Turney, Peter D},
  journal={National Research Council, Canada},
  volume={2},
  year={2013}
}

@article{tausczik2010psychological,
  title={The psychological meaning of words: LIWC and computerized text analysis methods},
  author={Tausczik, Yla R and Pennebaker, James W},
  journal={Journal of language and social psychology},
  volume={29},
  number={1},
  pages={24--54},
  year={2010},
  publisher={Sage Publications Sage CA: Los Angeles, CA}
}

@article{miquelwikipedia,
  title={Wikipedia Editor Drop-Off},
  author={Miquel-Rib{\'e}, Marc and Consonni, Cristian and Laniado, David}
}

@inproceedings{laniado2012emotions,
  title={Emotions and dialogue in a peer-production community: the case of Wikipedia},
  author={Laniado, David and Kaltenbrunner, Andreas and Castillo, Carlos and Morell, Mayo Fuster},
  booktitle={proceedings of the eighth annual international symposium on wikis and open collaboration},
  pages={1--10},
  year={2012}
}

@article{iosub2014emotions,
  title={Emotions under discussion: Gender, status and communication in online collaboration},
  author={Iosub, Daniela and Laniado, David and Castillo, Carlos and Fuster Morell, Mayo and Kaltenbrunner, Andreas},
  journal={PloS one},
  volume={9},
  number={8},
  pages={e104880},
  year={2014},
  publisher={Public Library of Science San Francisco, USA}
}

@inproceedings{antin2011gender,
  title={Gender differences in Wikipedia editing},
  author={Antin, Judd and Yee, Raymond and Cheshire, Coye and Nov, Oded},
  booktitle={Proceedings of the 7th international symposium on wikis and open collaboration},
  pages={11--14},
  year={2011}
}